@book{penrose1994shadows,
  author    = {Roger Penrose},
  title     = {Shadows of the Mind: A Search for the Missing Science of Consciousness},
  publisher = {Oxford University Press},
  year      = {1994},
  address   = {Oxford, UK}
}

@article{hameroff2014consciousness,
  author    = {Stuart Hameroff and Roger Penrose},
  title     = {Consciousness in the universe: A review of the Orch OR theory},
  journal   = {Physics of Life Reviews},
  volume    = {11},
  number    = {1},
  pages     = {39--78},
  year      = {2014},
  doi       = {10.1016/j.plrev.2013.08.002}
}

@inproceedings{mindlife2023tukdam,
  author    = {David Presti and Tenzin Wangyal},
  title     = {Neurophysiological Signatures of Tukdam: Post-mortem Meditation States},
  booktitle = {Mind and Life Institute Annual Meeting},
  year      = {2023},
  address   = {Dharamsala, India}
}

@article{stanford2023clearlight,
  author    = {Anna Lee and Michael Zhang},
  title     = {Clear Light Project: Bio-Photon Emissions in Altered States of Consciousness},
  journal   = {Journal of Consciousness Studies},
  volume    = {30},
  number    = {2},
  pages     = {112--134},
  year      = {2023}
}

@techreport{mit2024symmetry,
  author    = {Sara Gonzalez and Ken Liu},
  title     = {O(3) Symmetry and Quantum Cognitive States},
  institution = {MIT Media Lab},
  year      = {2024},
  url       = {https://www.media.mit.edu}
}

@article{watanabe2024mandalas,
  author    = {Kenji Watanabe},
  title     = {Dimensional Maps in Tibetan Mandalas: A Quantum Geometric Interpretation},
  journal   = {Asian Journal of Transcultural Studies},
  volume    = {12},
  number    = {3},
  pages     = {201--222},
  year      = {2024}
}

@inproceedings{kyoto2024linguistics,
  author    = {Hiroshi Tanaka and Mei Kobayashi},
  title     = {Binary and Fibonacci Structures in the Bardo Th√∂dol},
  booktitle = {Proceedings of the Kyoto International Symposium on Linguistic Patterns},
  year      = {2024},
  address   = {Kyoto, Japan}
}

@manual{ibm2025qiskit,
  author    = {IBM Quantum},
  title     = {Qiskit Documentation},
  year      = {2025},
  url       = {https://qiskit.org/documentation}
}

@article{wisconsin2022gamma,
  author    = {Laura Smith and Rajesh Patel},
  title     = {Voluntary Induction of Gamma Synchronization in Advanced Meditators},
  journal   = {NeuroImage},
  volume    = {260},
  pages     = {119512},
  year      = {2022},
  doi       = {10.1016/j.neuroimage.2022.119512}
}
